@article{Al-Fuqaha2015Internet,
author = {Al-Fuqaha, Ala and Guizani, Mohsen and Mohammadi, Mehdi and Aledhari, Mohammed and Ayyash, Moussa},
title = {{Internet of Things: A Survey on Enabling Technologies, Protocols, and Applications}},
journal = {IEEE Communications Surveys {\&} Tutorials},
year = {2015},
volume = {17},
pages = {2347-2376},
note = {{ISSN:} 1553-877X}
}

@article{Atzori2010Internet,
author = {Atzori, Luigi and Iera, Antonio and Morabito, Giacomo},
note = {{ISSN:} 13891286},
journal = {Computer Networks},
number = {15},
pages = {2787-2805},
publisher = {Elsevier B.V.},
title = {{The Internet of Things: A Survey}},
volume = {54},
year = {2010}
}


@InProceedings{Douceur2002,
author="Douceur, John R.",
editor="Druschel, Peter
and Kaashoek, Frans
and Rowstron, Antony",
title="The Sybil Attack",
booktitle="Peer-to-Peer Systems",
year="2002",
publisher="Springer Berlin Heidelberg",
address="Berlin, Heidelberg",
pages="251--260",
isbn="978-3-540-45748-0"
}

@misc{OasisMQTT,
  title = {{MQTT} Version 3.1.1 Oasis Specification},
  howpublished = {\url{https://docs.oasis-open.org/mqtt/mqtt/v3.1.1/os/mqtt-v3.1.1-os.html}}
}

@INPROCEEDINGS{Douligeris2003,
author={C. {Douligeris} and A. {Mitrokotsa}},
booktitle={Proceedings of the 3rd IEEE International Symposium on Signal Processing and Information Technology (IEEE Cat. No.03EX795)},
title={DDoS attacks and defense mechanisms: a classification},
year={2003},
volume={},
number={},
pages={190-193},
keywords={classification;Internet;telecommunication security;DDoS defense mechanisms;Internet sites;distributed denial of service;DDoS attacks;Computer crime;Computer networks;Protocols;Bandwidth;Computer bugs;Informatics;Security;Degradation;Availability;Hardware},
doi={10.1109/ISSPIT.2003.1341092},
ISSN={},
month={Dec},}

@misc{Mosquitto,
  title = {{Mosquitto}},
  howpublished = {\url{https://mosquitto.org/}}
}

@misc{Eclipse,
  title = {{Eclipse}},
  howpublished = {\url{https://eclipse.org/}}
}

@misc{Paho,
  title = {{Paho}},
  howpublished = {\url{https://www.eclipse.org/paho/}}
}


@inproceedings{Yuan2008,
 author = {Yuan, Dongqing and Zhong, Jiling},
 title = {A Lab Implementation of SYN Flood Attack and Defense},
 booktitle = {Proceedings of the 9th ACM SIGITE Conference on Information Technology Education},
 series = {SIGITE '08},
 year = {2008},
 isbn = {978-1-60558-329-7},
 location = {Cincinnati, OH, USA},
 pages = {57--58},
 numpages = {2},
 url = {http://doi.acm.org/10.1145/1414558.1414575},
 doi = {10.1145/1414558.1414575},
 acmid = {1414575},
 publisher = {ACM},
 address = {New York, NY, USA},
 keywords = {curriculum, laboratory, security},
} 